<?xml version="1.0" encoding="UTF-8"?><record xmlns="http://www.loc.gov/MARC21/slim" xmlns:cinclude="http://apache.org/cocoon/include/1.0" xmlns:zs="http://www.loc.gov/zing/srw/">
  <leader>00380nz  a2200133n  4500</leader>
  <controlfield tag="001">n 2001043291</controlfield>
  <controlfield tag="003">DLC</controlfield>
  <controlfield tag="005">20010823093340.0</controlfield>
  <controlfield tag="008">010823n| acannaabn          |a aaa      </controlfield>
  <datafield tag="010" ind1=" " ind2=" ">
    <subfield code="a">n 2001043291</subfield>
  </datafield>
  <datafield tag="040" ind1=" " ind2=" ">
    <subfield code="a">DLC</subfield>
    <subfield code="b">eng</subfield>
    <subfield code="c">DLC</subfield>
  </datafield>
  <datafield tag="100" ind1="1" ind2=" ">
    <subfield code="a">Laje, Zilia L.</subfield>
    <subfield code="t">Cortina de Bagazo.</subfield>
    <subfield code="l">Spanish</subfield>
  </datafield>
  <datafield tag="400" ind1="1" ind2=" ">
    <subfield code="a">Laje, Zilia L.</subfield>
    <subfield code="t">Sugar cane curtain</subfield>
  </datafield>
  <datafield tag="670" ind1=" " ind2=" ">
    <subfield code="a">Laje, Zilia L. The sugar cane curtain, 2000.</subfield>
  </datafield>
</record>